
@online{maths_town_eye_2017,
	title = {Eye of the Universe},
	url = {https://www.youtube.com/watch?v=pCpLWbHVNhk},
	titleaddon = {Eye of the Universe - Mandelbrot Fractal Zoom (e1091) (4k 60fps)},
	type = {{YouTube}},
	author = {Maths Town},
	urldate = {2023-01-16},
	date = {2017-08-28},
}

@online{ibm_fractal_2011,
	title = {Fractal Geometry},
	url = {https://www.ibm.com/ibm/history/ibm100/us/en/icons/fractal/},
	type = {Blog},
	author = {{IBM}},
	urldate = {2023-01-16},
	date = {2011-05-21},
}

@online{zink_kosmische_2014,
	title = {Der kosmische Code},
	url = {https://www.zdf.de/dokumentation/terra-x/faszination-universum-der-kosmische-code-mit-harald-lesch-100.html},
	titleaddon = {Der kosmische Code},
	author = {Zink, Iris and Kotarba, Hanna},
	urldate = {2023-01-16},
	date = {2014-09-28},
}

@online{nnart_fractals_nodate,
	title = {Fractals in Nature},
	url = {https://nnart.org/fractals-in-nature/},
	shorttitle = {Fractals in Nature},
	titleaddon = {How Do Fractals Appear in Nature? 10 Outstanding Examples},
	author = {(nnart), Mike},
	urldate = {2023-01-16},
}

@report{lichtenegger_komplexe_2002,
	title = {Komplexe Analysis},
	url = {https://www.math.tugraz.at/~lichtenegger/kompan.pdf},
	author = {Lichtenegger, Klaus},
	urldate = {2023-01-16},
	date = {2002-05},
}

@misc{heinrich_boll_gymnasium_troisdorf_hbg_nodate,
	title = {{HBG} Logo},
	url = {https://www.hbgtroisdorf.de/images/hbg_logo_web.png},
	author = {Heinrich Böll Gymnasium Troisdorf},
	urldate = {2022-12-18},
	note = {In der Titelseite zu finden},
}

@misc{gaillarde_benoit_1997,
	title = {Benoit Mandelbrot, mathematician, inventor of fractals},
	url = {https://www.gettyimages.co.uk/detail/news-photo/benoit-mandelbrot-mathematician-inventor-of-fractals-in-news-photo/110137025},
	publisher = {{GettyImages}},
	author = {Gaillarde, Raphael},
	urldate = {2023-01-22},
	date = {1997-02-09},
}

@article{munafo_escape_1997,
	title = {Escape Radius, Mu-Ency at {MROB}},
	url = {http://mrob.com/pub/muency/escaperadius.html},
	author = {Munafo, Robert P. and Hurley, Mike},
	urldate = {2023-01-24},
	date = {1997-09-19},
}

@article{mahanta_mandelbrot_2016,
	title = {{MANDELBROT} {SET}, {THE} {MESMERIZING} {FRACTAL} {WITH} {INTEGER} {DIMENSION}},
	volume = {6},
	url = {https://www.researchgate.net/figure/The-Body-B-and-Head-H-of-the-Mandelbrot-Set-The-surface-of-these-two-parts-are-covered_fig6_310798765},
	pages = {1--18},
	journaltitle = {International Journal of Applied Mathematics and Statistical Sciences},
	author = {Mahanta, Arun and Sarmah, Hemanta and Choudhury, Gautam},
	urldate = {2023-01-29},
	date = {2016-12},
}

@article{lomonaco_quasi-conformal_2018,
	title = {On quasi-conformal (in-) compatibility of satellite copies of the Mandelbrot set},
	url = {https://arxiv.org/pdf/1505.05422.pdf},
	author = {Lomonaco, Luna and Petersen, Carsten Lunde},
	urldate = {2023-01-29},
	date = {2018-10-10},
}

@video{beyer_zoomfahrt_2017,
	title = {Zoomfahrt in die Mandelbrotmenge},
	url = {https://www.wolfgangbeyer.de/chaos/mandelzoom.htm},
	author = {Beyer, Wolfgang},
	urldate = {2023-01-29},
	date = {2017-06-16},
}

@incollection{lei_similarity_1989,
	title = {Similarity Between the Mandelbrot Set and Julia Sets},
	url = {https://arxiv.org/pdf/1410.6729v2.pdf},
	pages = {587--617},
	booktitle = {Communications in Mathematical Physics},
	author = {Lei, {TAN}},
	urldate = {2023-01-29},
	date = {1989-07-10},
}

@article{robert_p_seahorse_2010,
	title = {Seahorse Valley, Mu-Ency at {MROB}},
	url = {http://www.mrob.com/pub/muency/seahorsevalley.html},
	author = {Robert P, Munfao},
	urldate = {2023-01-30},
	date = {2010-09-07},
}

@misc{beyer_partial_2005,
	title = {Partial view of the Mandelbrot set. Step 1 of a zoom sequence: Gap between the "head" and the "body" also called the "seahorse valley".},
	url = {https://de.wikipedia.org/wiki/Datei:Mandel_zoom_01_head_and_shoulder.jpg},
	shorttitle = {Mandel zoom 01 head and shoulder},
	author = {Beyer, Wolfgang},
	urldate = {2023-01-30},
	date = {2005-09-12},
}

@misc{beyer_partial_2005-1,
	title = {Partial view of the Mandelbrot set. Step 2 of a zoom sequence: On the left double-spirals, on the right "seahorses".},
	url = {https://de.wikipedia.org/wiki/Datei:Mandel_zoom_02_seehorse_valley.jpg},
	shorttitle = {Mandel zoom 02 seehorse valley},
	author = {Beyer, Wolfgang},
	urldate = {2023-01-30},
	date = {2005-09-12},
}

@misc{beyer_partial_2005-2,
	title = {Partial view of the Mandelbrot set. Step 3 of a zoom sequence: "Seahorse" upside down. Its "body" is composed by 25 "spokes" consisting of 2 groups of 12 "spokes" each and one "spoke" connecting to the main cardioid. These 2 groups can be attributed by some kind of metamorphosis to the 2 "fingers" of the "upper hand" of the Mandelbrot set. Therefore the number of "spokes" increases from one "seahorse" to the next by 2. The "hub" is a so called Misiurewicz point. Between the "upper part of the body" and the "tail" a distorted satellite can be recognized.},
	url = {https://de.wikipedia.org/wiki/Datei:Mandel_zoom_03_seehorse.jpg},
	shorttitle = {Mandel zoom 03 seehorse},
	author = {Beyer, Wolfgang},
	urldate = {2023-01-30},
	date = {2005-09-12},
}

@misc{beyer_partial_2005-3,
	title = {Partial view of the Mandelbrot set. Step 8 of a zoom sequence: "Antenna" of the satellite. Several satellites of second order can be recognized.},
	url = {https://de.wikipedia.org/wiki/Datei:Mandel_zoom_08_satellite_antenna.jpg},
	shorttitle = {Mandel zoom 08 satellite antenna},
	author = {Beyer, Wolfgang},
	urldate = {2023-01-30},
	date = {2005-09-12},
}

@misc{beyer_partial_2005-4,
	title = {Partial view of the Mandelbrot set. Step 4 of a zoom sequence: The central endpoint of the "seahorse tail" is also a Misiurewicz point.},
	url = {https://de.wikipedia.org/wiki/Datei:Mandel_zoom_04_seehorse_tail.jpg},
	shorttitle = {Mandel zoom 04 seehorse tail},
	author = {Beyer, Wolfgang},
	urldate = {2023-01-30},
	date = {2005-09-12},
}

@misc{elphaba_command-line_2007,
	title = {Command-line depiction of the Mandelbrot set, just like the picture Brooks and Matelski included in their article of 1978 on Kleinian groups.},
	url = {https://en.wikipedia.org/wiki/File:Mandel.png},
	shorttitle = {Mandel},
	author = {Elphaba},
	urldate = {2023-01-30},
	date = {2007-02-02},
}

@video{numberphile_whats_2019,
	title = {What's so special about the Mandelbrot Set? - Numberphile},
	url = {https://youtu.be/FFftmWSzgmk?t=602},
	author = {Numberphile},
	urldate = {2023-01-30},
	date = {2019-04-18},
}

@article{robert_p_color_2022,
	title = {Color, Mu-Ency at {MROB}},
	url = {http://www.mrob.com/pub/muency/color.html},
	shorttitle = {Color},
	author = {Robert P, Munfao},
	date = {2022-12-12},
}

@book{weitz_konkrete_2018,
	edition = {1},
	title = {Konkrete Mathematik (nicht nur) für Informatiker: Mit vielen Grafiken und Algorithmen in Python},
	isbn = {978-3-658-21565-1},
	pagetotal = {942},
	publisher = {Springer Spektrum},
	author = {Weitz, Edmund},
	date = {2018-08-08},
}
